2029 2829
486 95 884 190 spensamanu
904 140 923 172 ,
940 91 1181 183 publica
1194 89 1317 172 jam
1334 88 1502 156 causa
1516 89 1876 162 excludente

486 201 717 256 moram
733 234 750 262 ,
788 190 852 249 &
869 182 1103 249 tanturn
1121 207 1242 246 non
1266 185 1536 269 rapiente
1549 181 1880 250 deliberati-

488 303 669 346 onem
694 279 881 366 Regis
897 324 914 352 ,
948 300 1021 340 ne
1037 274 1360 339 lenitudine
1387 280 1445 337 in
1463 273 1881 344 lentitudinem

487 378 807 461 migrante,
853 365 895 431 fi
920 365 1286 433 nascentibus
1327 365 1490 431 malis
1527 365 1766 434 obviarn
1798 372 1881 436 ire

494 462 842 553 negligeret,
871 458 1244 548 gliscentibus
1259 457 1627 549 desperaret,
1657 460 1880 528 invete-

491 559 629 622 ratis
654 575 780 619 non
794 547 1004 644 posset.

389 983 412 1024 d
466 947 471 965 2
646 915 710 979 N
714 937 780 978 ec
809 913 1032 1007 aeqvius·
1050 915 1308 1006 carpitur
1330 914 1642 981 Prudentia
1660 961 1679 992 ‚
1697 914 1887 1005 'qvam

247 991 474 1081 ξὲζζνῗηῗζῖ
504 1005 1198 1074 furtiviconfiliinomine
1211 1006 1406 1073 hostes
1420 1005 1726 1072 infamant.
1767 1009 1888 1071 Re's

249 1093 404 1198 ξξῇἧὲἑζ
508 1105 637 1166 aeta
655 1098 891 1175 est‚non
906 1098 1284 1164 clandestinis
1306 1097 1439 1164 sane
1453 1096 1692 1176 artibus,
1702 1118 1891 1189 qvum

506 1192 898 1281 Legationem
927 1190 1126 1278 palam
1146 1189 1469 1280 Anglicam
1498 1190 1576 1255 de
1595 1189 1892 1258 mittendo

505 1285 566 1350 in
586 1282 972 1349 Hollandiam
1007 1300 1246 1347 oratore
1272 1286 1402 1346 Rex
1426 1281 1545 1368 ipse
1562 1284 1894 1349 Fridericus

508 1374 721 1435 fecerit
763 1376 1100 1433 certiorem.
1216 1371 1400 1432 Ultro
1441 1370 1685 1435 vicissim
1734 1370 1897 1460 Regi

509 1459 875 1527 deferentem
915 1458 1224 1524 arbitrium
1259 1458 1596 1547 paciscendi
1625 1481 1765 1525 cum
1781 1465 1895 1533 Ba·

508 1555 651 1621 ravis
662 1603 681 1635 ‚
714 1549 754 1614 fi
772 1550 897 1641 spes
910 1551 1248 1616 commodae
1263 1553 1325 1616 &
1341 1574 1697 1643 opportunae
1713 1551 1894 1618 trans-

511 1645 761 1711 aetionis
787 1641 1097 1732 affulgeret
1125 1670 1139 1706 ε
1195 1643 1446 1734 publicis
1474 1643 1729 1720 schedis,
1760 1666 1895 1737 qvae

511 1736 766 1825 hodieq3>
777 1732 1171 1815 asservantur,
1198 1734 1438 1821 prodita
1462 1733 1895 1802 &confirmata

513 1825 956 1916 suffragatione.
1050 1827 1468 1893 Constitutum
1485 1849 1613 1895 tum
1630 1832 1782 1918 Regi
1796 1872 1815 1901 ,
1828 1847 1897 1893 ut

515 1917 593 1985 ab
611 1921 784 1983 initio
796 1917 1024 2010 semper
1037 1916 1229 1986 fuerat
1241 1965 1260 1994 ,
1282 1919 1505 1987 servare
1526 1925 1578 1986 A
1589 1919 1739 2010 nglis
1753 1921 1898 1985 ami·-

516 2013 717 2076 citiam
729 2054 748 2083 ,
786 2017 848 2075 &
865 2014 926 2074 in
941 2031 1210 2078 neutram
1225 2015 1482 2104 partium
1497 2016 1816 2105 qvicqvam
1828 2032 1892 2076 a·

516 2100 677 2168 cerbi
690 2102 942 2168 statuere
954 2150 972 2179 ,
995 2103 1209 2168 ¹donec
1227 2104 1304 2172 ad
1321 2103 1432 2171 alia
1445 2105 1686 2172 consilia
1697 2104 1893 2192 adigee

516 2216 650 2262 rent
671 2192 813 2261 hinc
834 2197 1006 2266 minae
1034 2200 1379 2288 Anglorum
1401 2241 1421 2273 ‚
1468 2198 1606 2265 inde
1628 2200 1896 2263 contema‘

1724 2305 1862 2379 ptus
1873 2334 1894 2366 ,
