2029 2829
131 42 292 105 turi?
343 60 449 102 cur
463 60 655 102 errare
672 36 778 128 ipfi
803 40 968 101 coeci
987 89 1004 118 ,
1023 40 1292 103 &nonin
1310 41 1523 128 scopu.

129 129 220 193 los
237 149 499 209 tantum,
538 130 640 193 sed
677 153 875 191 arcem
909 133 1289 217 impingere,
1336 155 1520 222 qvam

127 247 239 285 nos
285 220 541 309 caligine
585 218 892 282 absolvere
942 222 1324 285 maluerunt?
1376 247 1516 313 pru-

128 309 477 376 dentissimis
490 310 617 372 fere
639 310 987 375 mortalium
1003 356 1023 383 ,
1066 313 1202 376 raro
1222 313 1512 404 abigenti-

125 401 237 466 bus
265 405 467 474 Duces
498 403 560 463 &
592 402 1006 466 moderatores
1037 405 1280 466 viarum.
1378 409 1512 471 Nec

122 494 313 582 paulo
352 491 762 557 confidentius
796 496 988 558 citant
1027 493 1366 581 diplomata
1424 522 1514 561 rea

122 588 254 676 gia,
286 607 451 650 novo
469 602 712 670 reperto
732 603 1122 673 argument0‚
1165 604 1285 650 tam
1306 587 1383 652 de
1397 585 1508 652 fin·
1544 595 1770 690 {aalma

121 676 338 765 gendis
367 679 588 743 civium
608 679 1101 767 Norvagicorum
1135 678 1441 760 moribuS,
1479 705 1512 745 a
1545 663 1763 761 Reganus,

121 767 370 854 qvibus,
402 785 470 833 ut
487 766 722 855 reliqva
743 767 946 833 demas
966 820 984 850 ,
1030 792 1175 858 gens
1192 770 1254 832 in
1272 774 1511 835 univer-

119 857 249 924 sum
279 861 474 924 omnis
493 857 820 939 abhorret3
866 882 1046 948 qvam
1085 861 1160 923 de
1184 862 1510 928 invitandis

116 949 183 1013 in
209 949 417 1016 littora
433 951 662 1040 Belgis,
716 954 965 1040 ingenio
994 951 1127 1015 sane
1160 951 1266 1017 suo
1296 954 1511 1018 contra

116 1037 360 1107 fraudes
373 1042 536 1107 haud
551 1065 765 1130 parum
788 1042 1079 1132 sagaciter
1090 1047 1351 1109 munitis,
1384 1047 1508 1108 Sci-

113 1128 260 1198 licet
277 1134 464 1223 Angli
485 1183 504 1214 ,
549 1136 699 1199 dum
730 1137 1007 1201 vanitatis
1036 1155 1215 1223 qvam
1231 1139 1509 1226 ignorane

116 1224 215 1287 tiae
231 1230 398 1313 argui
416 1227 610 1289 minus
627 1224 988 1310 probrosum
1005 1246 1256 1312 putant,
1293 1226 1506 1292 fallere

116 1318 472 1379 commentis
492 1315 758 1380 maluere
773 1365 791 1395 ,
818 1340 999 1402 qvam
1017 1316 1399 1382 decretorum
1420 1341 1507 1381 ret

112 1407 357 1494 giorum
378 1410 706 1492 qvicqvam
722 1405 919 1469 videri
937 1405 1179 1471 nescire.
1256 1409 1377 1470 Sed
1402 1405 1512 1469 fal-

113 1495 401 1562 lebantur
433 1499 709 1560 nimirum
745 1495 821 1558 ab
849 1521 926 1559 eo
949 1547 967 1578 ‚
1020 1499 1126 1582 qvi
1157 1499 1218 1558 in
1248 1495 1509 1561 confiliis

115 1591 335 1679 regiiS,
371 1587 573 1674 saepius
592 1588 670 1656 ad
685 1604 959 1676 portam,
1009 1586 1378 1677 utimpleret
1395 1613 1509 1653 no·

113 1701 294 1760 men,
351 1701 534 1771 qvam
574 1680 760 1767 adyta
786 1678 1092 1743 literarum
1118 1678 1503 1764 penetrabat.

117 1773 225 1837 Eae
239 1770 442 1859 qvales
458 1770 680 1836 fuerint
696 1819 715 1851 ‚
749 1770 900 1836 nulli
917 1768 1265 1835 mortalium
1292 1769 1507 1837 refiius

115 1863 383 1930 dixerint
407 1860 683 1952 Anglicis
714 1863 1082 1952 Argonautis
1105 1912 1123 1943 ,
1173 1864 1281 1953 qvi
1306 1862 1501 1927 literaae

114 1977 251 2022 rum
296 1954 508 2020 seriem
562 1975 810 2020 omnem
863 1970 1357 2046 argumentumq3
1397 1954 1503 2023 suo

118 2044 402 2140 sangvine
414 2045 825 2140 obsignarunt.

833 2231 914 2297 M
962 2231 993 2295 i
1375 2227 1502 2312 Qvi
