2029 2829
488 93 612 158 late
651 113 790 157 cum
818 86 1108 176 potentia·
1144 82 1655 154 circumferebant
1694 107 1878 157 terro-

489 211 637 250 rem.
746 183 856 246 His
873 199 1071 246 tutum
1086 202 1210 242 non
1229 196 1359 243 erat
1375 179 1689 245 ostendere
1704 231 1722 263 ,
1754 186 1883 271 qvi·

490 277 600 342 bus
626 271 1061 339 incursionibus
1077 272 1332 358 impares
1358 269 1607 336 habetes
1628 276 1794 351 vire&
1818 277 1881 340 δε
1945 332 1947 334 ,

487 367 763 433 hostilem
790 367 854 429 in
884 383 945 427 te
965 366 1087 426 vim
1106 364 1374 451 gratuito
1398 364 1606 427 accire.
1682 367 1886 432 Norat

489 463 630 525 Rex
644 510 661 542 ,
704 479 912 549 portus
933 455 1224 542 qvosdam
1241 454 1374 519 suos
1393 454 1675 543 praesidiis
1690 458 1887 521 modi-

487 553 560 616 ce
588 545 829 615 insessos
843 597 861 628 ‚
899 547 1055 611 haud
1073 569 1239 633 pares
1262 545 1500 612 futuros
1518 566 1692 611 tanto
1706 571 1889 635 appa·

488 643 675 722 ratui,
717 639 839 705 fiin
859 638 1069 703 littora
1085 637 1306 703 alicubi
1326 639 1662 716 desaeviret3
1704 642 1885 708 &ve-

490 735 563 797 ro
583 756 696 796 nec
712 755 836 796 tem
850 752 1052 796 carere
1069 728 1350 817 periculo
1363 728 1695 805 constabat,
1709 731 1877 816 post--

493 847 684 906 qvam
716 840 1032 911 coeperant
1059 821 1259 908 palam
1288 819 1508 909 Angli,
1548 845 1676 885 non
1704 822 1885 888 hosti-

495 913 607 980 bus
626 917 812 1004 magis
830 937 1008 1004 qvam
1031 915 1229 976 amicis
1246 911 1642 977 reformidati.
1700 918 1889 977 Erant

495 1008 559 1070 in-
587 1029 731 1077 ονε,
767 1022 938 1072 erant
964 1010 1025 1067 in
1057 1003 1248 1070 oculis
1263 999 1773 1090 nuperaeinjuriae‚
1822 1023 1889 1068 ut

499 1100 663 1188 Regi
680 1097 993 1163 Friderico
1017 1099 1286 1183 optimus
1303 1099 1445 1159 Con
1454 1093 1697 1175 filiarius
1712 1095 1886 1159 hostis

493 1189 661 1266 effer,
684 1188 902 1254 edosto
920 1189 1204 1278 magistris
1222 1185 1494 1252 cladibus
1514 1234 1531 1262 ,
1554 1180 1704 1274 qvid
1721 1189 1891 1252 timet

491 1303 555 1344 re
572 1281 768 1368 posset
788 1331 805 1360 ,
848 1284 909 1345 8<
928 1305 996 1343 ea
1011 1306 1140 1367 qvae
1161 1282 1551 1367 contigerant
1565 1279 1849 1344 haetenus
1866 1329 1886 1359 ,

490 1371 741 1433 habenti
786 1374 851 1430 in*
902 1371 1249 1431 futurorum
1293 1371 1662 1429 cautionem.
1748 1372 1890 1433 Nec
1912 1440 1914 1443 v

499 1460 644 1524 vero
660 1456 998 1549 ignorabat,
1018 1455 1262 1537 injurias
1281 1453 1401 1520 fere
1416 1507 1433 1537 ‚
1474 1455 1580 1521 ubi
1598 1456 1778 1527 semel
1796 1483 1890 1524 ce·

496 1556 699 1643 perint
714 1601 731 1631 ‚
756 1552 1133 1639 praecipitare
1149 1551 1445 1635 impetum
1471 1578 1487 1627 3
1545 1549 1764 1638 qvaessut
1783 1550 1890 1616 ³ali·

498 1644 747 1731 qvando
782 1641 1170 1722 submittant,
1229 1663 1541 1728 nunqvam
1571 1642 1891 1729 deponant

496 1736 788 1800 ferociam
805 1783 822 1814 ,
861 1743 923 1799 &
943 1755 1082 1798 cum
1103 1734 1422 1797 minimum
1440 1739 1850 1818 expectaveris
1865 1787 1885 1820 ‚

500 1828 752 1892 redeant
770 1824 842 1890 ad
861 1828 1185 1893 Naturam.
1244 1828 1352 1889 Hae
1365 1826 1733 1893 connivendi
1752 1852 1888 1896 cau-

501 1919 572 1984 sae
590 1924 741 2011 Regi
758 1941 957 1996 erant,
1000 1917 1091 1981 hae
1108 1919 1353 1983 anxium
1381 1965 1398 1995 ,
1447 1941 1514 1984 ut
1537 1919 1705 1984 voles
1719 1964 1739 1994 ,
1765 1920 1889 1985 ani-

502 2035 669 2078 mum
704 2060 722 2090 ‚
797 2011 920 2075 laeti
961 2009 1162 2078 vultus
1198 2012 1459 2101 imagine
1501 2012 1878 2080 obducendi.

503 2105 689 2191 Qod
724 2104 881 2170 adeo
906 2101 1120 2170 frustra
1147 2104 1643 2190 carpunthostes,
1693 2124 1762 2171 ut
1776 2129 1889 2187 nos

502 2195 591 2263 illi
621 2196 824 2264 robori
865 2205 929 2265 &
958 2197 1235 2267 firmitati
1264 2199 1607 2268 animorum
1623 2196 1885 2291 gratule-

1735 2312 1886 2369 mur,
